@article{McNabb1963,
	title        = {{A New Analysis of the Diffusion of Hydrogen in Iron and Ferritic Steels}},
	author       = {McNabb, A. and Foster, P. K.},
	year         = 1963,
	journal      = {Trans. Metall. Soc. AIME},
	volume       = 227,
	pages        = 618,
}
@article{Longhurst1985,
	title        = {{The soret effect and its implications for fusion reactors}},
	author       = {Longhurst, G. R.},
	year         = 1985,
	journal      = {J. Nucl. Mater.},
	volume       = 131,
	number       = 1,
	pages        = {61--69},
	issn         = {00223115},
	url          = {https://linkinghub.elsevier.com/retrieve/pii/0022311585904258}
}
@techreport{Pendergrass1976,
	title        = {{Temperature-dependent ordinary and thermal diffusion of hydrogen isotopes through thermonuclear reactor components}},
	author       = {Pendergrass, J. H.},
	year         = 1976,
	url          = {http://www.osti.gov/servlets/purl/7333557/},
	institution  = {Los Alamos National Laboratory (LANL)}
}
@article{Delaporte-Mathurin2021,
	title        = {{Influence of interface conditions on hydrogen transport studies}},
	author       = {Delaporte-Mathurin, R. and Hodille, E. A. and Mougenot, J. and Charles, Y. and {De Temmerman}, G. and Leblond, F. and Grisolia, C.},
	year         = 2021,
	journal      = {Nucl. Fusion},
	volume       = 61,
	number       = 3,
	pages        = {036038},
	issn         = {0029-5515},
	url          = {https://iopscience.iop.org/article/10.1088/1741-4326/abd95f},
}
@phdthesis{Delaporte-Mathurin2022,
	title        = {{Hydrogen transport in tokamaks : Estimation of the ITER divertor tritium inventory and influence of helium exposure}},
	author       = {Delaporte-Mathurin, R.},
	year         = 2022,
	number       = {2022PA131054},
	url          = {https://theses.hal.science/tel-04004369},
	school       = {{Universit{\'e} Paris-Nord - Paris XIII}},
	keywords     = {Hydrogen ; Finite elements ; Numerical modelling ; Hydrog{\`e}ne ; El{\'e}ments finis ; Mod{\'e}lisation num{\'e}rique},
	type         = {Theses}
}
@article{Schmid2016,
	title        = {{Diffusion-trapping modelling of hydrogen recycling in tungsten under ELM-like heat loads}},
	author       = {Schmid, K.},
	year         = 2016,
	journal      = {Phys. Scr.},
	volume       = {T167},
	pages        = {014025},
	issn         = {0031-8949},
	url          = {https://iopscience.iop.org/article/10.1088/0031-8949/T167/1/014025}
}