@article{Ishida2018,
  author   = {Ishida, Y. and Shin, S.},
  title    = {Functions to map photoelectron distributions in a variety of setups in angle-resolved photoemission spectroscopy},
  journal  = {Rev. Sci. Instrum.},
  volume   = {89},
  number   = {4},
  pages    = {043903},
  keywords = {photoelectron microscopy},
  doi      = {10.1063/1.5007226},
  year     = {2018},
  type     = {Journal Article}
}

@article{Seah1979,
  author  = {Seah, M. P. and Dench, W. A.},
  title   = {Quantitative electron spectroscopy of surfaces: A standard data base for electron inelastic mean free paths in solids},
  journal = {Surf. Interface Anal.},
  volume  = {1},
  number  = {1},
  pages   = {2-11},
  issn    = {0142-2421},
  doi     = {10.1002/sia.740010103},
  year    = {1979},
  type    = {Journal Article}
}

@inproceedings{Schirra2008,
  author    = {Schirra, Stefan},
  title     = {How Reliable Are Practical Point-in-Polygon Strategies?},
  booktitle = {Algorithms - ESA 2008},
  editor    = {Halperin, Dan and Mehlhorn, Kurt},
  series    = {Lect. Note. Comput. Sci},
  publisher = {Springer Berlin Heidelberg},
  volume    = {5193},
  pages     = {744-755},
  isbn      = {978-3-540-87744-8},
  doi       = {10.1007/978-3-540-87744-8_62},
  year      = {2008},
  type      = {Conference Proceedings}
}
